\section*{Webography}
\addcontentsline{toc}{section}{Webography}

@electronic{sql,
  title         = "Structured Query Language (SQL)",
  url           = "https://www.iso.org/standard/63555.html",
  year          = "2024",
  note          = "[Access June, 16th 2024]"
}

@electronic{uml,
  title         = "Unified Modeling Language (UML)",
  url           = "https://www.uml.org/",
  year          = "2024",
  note          = "[Access June, 16th 2024]"
}

@electronic{agile,
  title         = "Agile Alliance",
  url           = "https://www.agilealliance.org/",
  year          = "2024",
  note          = "[Access June, 16th 2024]"
}

@electronic{erp,
  title         = "Enterprise Resource Planning (ERP) Information",
  url           = "https://www.gartner.com/it-glossary/erp-enterprise-resource-planning/",
  year          = "2024",
  note          = "[Access June, 16th 2024]"
}

@electronic{odoo,
  title         = "Odoo",
  url           = "https://www.odoo.com",
  year          = "2024",
  note          = "[Access June, 16th 2024]"
}

@electronic{pycharm,
  title         = "PyCharm",
  url           = "https://www.jetbrains.com/pycharm/",
  year          = "2024",
  note          = "[Access June, 16th 2024]"
}

@electronic{vscode,
  title         = "Visual Studio Code",
  url           = "https://code.visualstudio.com/docs",
  year          = "2024",
  note          = "[Access June, 16th 2024]"
}

@electronic{postgresql,
  title         = "PostgreSQL",
  url           = "https://www.postgresql.org",
  year          = "2024",
  note          = "[Access June, 16th 2024]"
}

@electronic{drawio,
  title         = "Draw.io",
  url           = "https://www.draw.io",
  year          = "2024",
  note          = "[Access June, 16th 2024]"
}

@electronic{pgadmin,
  title         = "PgAdmin 4",
  url           = "https://www.pgadmin.org",
  year          = "2024",
  note          = "[Access June, 16th 2024]"
}

@electronic{git,
  title         = "Git",
  url           = "https://git-scm.com",
  year          = "2024",
  note          = "[Access June, 16th 2024]"
}

@electronic{github,
  title         = "GitHub",
  url           = "https://github.com",
  year          = "2024",
  note          = "[Access June, 16th 2024]"
}

@electronic{scrum,
  title         = "What is Scrum?",
  url           = "https://www.scrum.org/resources/what-is-scrum",
  year          = "2024",
  note          = "[Access June, 16th 2024]"
}


@electronic{google-sheets,
  title         = "Google Sheets",
  url           = "https://www.google.com/intl/fr/sheets/about/",
  year          = "2024",
  note          = "[Access June, 16th 2024]"
}
@electronic{usecase,
  title         = "UML Use Case Diagram",
  url           = "https://www.lucidchart.com/pages/uml-use-case-diagram",
  year          = "2024",
  note          = "[Access June, 16th 2024]"
}

@electronic{classdiagram,
  title         = "UML Class Diagram",
  url           = "https://www.lucidchart.com/pages/uml-class-diagram",
  year          = "2024",
  note          = "[Access June, 16th 2024]"
}

@electronic{sequencediagram,
  title         = "UML Sequence Diagram",
  url           = "https://www.lucidchart.com/pages/uml-sequence-diagram",
  year          = "2024",
  note          = "[Access June, 16th 2024]"
}
% Add more entries as needed following the same format
